@article{UnifyingApproach,
title={A unifying approach to temporal constraint reasoning},
volume={102}, DOI={10.1016/s0004-3702(98)00031-9},
number={1}, journal={Artificial Intelligence},
author={Jonsson, Peter and Bäckström, Christer},
year={1998},
pages={143–155}}

@article{TemporalConstraintNetworks,
title={Temporal constraint networks},
volume={49},
DOI={10.1016/0004-3702(91)90006-6},
number={1-3},
journal={Artificial Intelligence},
author={Dechter, Rina and Meiri, Itay and Pearl, Judea},
year={1991},
pages={61–95}}

@article{gaintzarain_lucio_2013,
title={Logical foundations for more expressive declarative temporal logic programming languages},
volume={14}, DOI={10.1145/2528931}, number={4}, journal={ACM Transactions on Computational Logic},
author={Gaintzarain, Jose and Lucio, Paqui},
year={2013},
month={Jan},
pages={1–41}} 